@incollection{DBLP:series/faia/BarrettSST09,
	author       = {Clark W. Barrett and
	Roberto Sebastiani and
	Sanjit A. Seshia and
	Cesare Tinelli},
	editor       = {Armin Biere and
	Marijn Heule and
	Hans van Maaren and
	Toby Walsh},
	title        = {Satisfiability Modulo Theories},
	booktitle    = {Handbook of Satisfiability},
	series       = {Frontiers in Artificial Intelligence and Applications},
	volume       = {185},
	pages        = {825--885},
	publisher    = {{IOS} Press},
	year         = {2009},
	url          = {https://doi.org/10.3233/978-1-58603-929-5-825},
	doi          = {10.3233/978-1-58603-929-5-825},
	timestamp    = {Fri, 06 May 2022 08:00:40 +0200},
	biburl       = {https://dblp.org/rec/series/faia/BarrettSST09.bib},
	bibsource    = {dblp computer science bibliography, https://dblp.org}
}

@article{gungor2022meta,
	title={{Meta-Heuristical Constrained Optimization Based on a Mechanical Design Problem}},
	author={G{\"u}ng{\"o}r, Beng{\"u}},
	journal={Recent Advances in Intelligent Manufacturing and Service Systems},
	pages={89--99},
	year={2022},
	publisher={Springer}
}

@article{muller2022third,
	title={The Third International Verification of Neural Networks Competition (VNN-COMP 2022): Summary and Results},
	author={M{\"u}ller, Mark Niklas and Brix, Christopher and Bak, Stanley and Liu, Changliu and Johnson, Taylor T},
	journal={arXiv preprint arXiv:2212.10376},
	year={2022}
}

@article{yeniay2005penalty,
	title={Penalty function methods for constrained optimization with genetic algorithms},
	author={Yeniay, {\"O}zg{\"u}r},
	journal={Mathematical and computational Applications},
	volume={10},
	number={1},
	pages={45--56},
	year={2005},
	publisher={Association for Scientific Research}
}

@article{mcdonald2002case,
	title={A case study of constraint programming for configuration problems},
	author={Mcdonald, Kevin and Prosser, Patrick},
	journal={CiteSeerX},
	year={2002},
	publisher={Citeseer}
}

@article{hervieu2016practical,
	title={Practical minimization of pairwise-covering test configurations using constraint programming},
	author={Hervieu, Aymeric and Marijan, Dusica and Gotlieb, Arnaud and Baudry, Benoit},
	journal={Information and Software Technology},
	volume={71},
	pages={129--146},
	year={2016},
	publisher={Elsevier}
}

@article{brailsford1999constraint,
	title={Constraint satisfaction problems: Algorithms and applications},
	author={Brailsford, Sally C and Potts, Chris N and Smith, Barbara M},
	journal={European journal of operational research},
	volume={119},
	number={3},
	pages={557--581},
	year={1999},
	publisher={Elsevier}
}

@article{guo2019smtibea,
	title={SMTIBEA: a hybrid multi-objective optimization algorithm for configuring large constrained software product lines},
	author={Guo, Jianmei and Liang, Jia Hui and Shi, Kai and Yang, Dingyu and Zhang, Jingsong and Czarnecki, Krzysztof and Ganesh, Vijay and Yu, Huiqun},
	journal={Software \& Systems Modeling},
	volume={18},
	number={2},
	pages={1447--1466},
	year={2019},
	publisher={Springer}
}

@inproceedings{michel2012smt,
	title={An SMT-based approach to automated configuration},
	author={Michel, Rapha{\"e}l and Hubaux, Arnaud and Ganesh, Vijay and Heymans, Patrick},
	booktitle={SMT Workshop 2012 10th International Workshop on Satisfiability Modulo Theories SMT-COMP},
	pages={107},
	year={2012},
	organization={Citeseer}
}

@inproceedings{DBLP:conf/iros/PaneratiZZXPS21,
	author    = {Jacopo Panerati and
	Hehui Zheng and
	Siqi Zhou and
	James Xu and
	Amanda Prorok and
	Angela P. Schoellig},
	title     = {Learning to Fly - a Gym Environment with PyBullet Physics for Reinforcement
	Learning of Multi-agent Quadcopter Control},
	booktitle = {{IEEE/RSJ} International Conference on Intelligent Robots and Systems,
	{IROS} 2021, Prague, Czech Republic, September 27 - Oct. 1, 2021},
	pages     = {7512--7519},
	publisher = {{IEEE}},
	year      = {2021}
}

@incollection{CHANG20151105,
	title = "Chapter 19 - Multiobjective Optimization and Advanced Topics",
	editor = "Kuang-Hua Chang",
	booktitle = "e-Design",
	publisher = "Academic Press",
	address = "Boston",
	pages = "1105 - 1173",
	year = "2015",
	isbn = "978-0-12-382038-9",
	author = "Kuang-Hua Chang",
	keywords = "Articulation of preferences, Criterion space, Multiobjective genetic algorithms, Pareto optimality, Reliability-based design optimization"
}

@article{hsiao1998fuzzy,
	title={Fuzzy logic based decision model for product design},
	author={Hsiao, Shih-Wen},
	journal={International Journal of Industrial Ergonomics},
	volume={21},
	number={2},
	pages={103--116},
	year={1998},
	publisher={Elsevier}
}

@article{chin2008development,
	title={Development of a fuzzy FMEA based product design system},
	author={Chin, Kwai-Sang and Chan, Allen and Yang, Jian-Bo},
	journal={The International Journal of Advanced Manufacturing Technology},
	volume={36},
	number={7},
	pages={633--649},
	year={2008},
	publisher={Springer}
}

@article{falkner2011modeling,
	title={Modeling and solving technical product configuration problems},
	author={Falkner, Andreas and Haselb{\"o}ck, Alois and Schenner, Gottfried and Schreiner, Herwig},
	journal={AI EDAM},
	volume={25},
	number={2},
	pages={115--129},
	year={2011},
	publisher={Cambridge University Press}
}

@article{mcguinness1998industrial,
	title={An industrial-strength description logic-based configurator platform},
	author={McGuinness, Deborah L and Wright, Jon R},
	journal={IEEE Intelligent Systems and their applications},
	volume={13},
	number={4},
	pages={69--77},
	year={1998},
	publisher={IEEE}
}

@article{song2009optimising,
	title={Optimising product configurations with a data-mining approach},
	author={Song, Zhe and Kusiak, Andrew},
	journal={International Journal of Production Research},
	volume={47},
	number={7},
	pages={1733--1751},
	year={2009},
	publisher={Taylor \& Francis}
}

@article{lee2005effective,
	title={An effective customization procedure with configurable standard models},
	author={Lee, Hyun Jung and Lee, Jae Kyu},
	journal={Decision Support Systems},
	volume={41},
	number={1},
	pages={262--278},
	year={2005},
	publisher={Elsevier}
}

@article{stumptner1998generative,
	title={Generative constraint-based configuration of large technical systems},
	author={Stumptner, Markus and Friedrich, Gerhard E and Haselb{\"o}ck, Alois},
	journal={Ai Edam},
	volume={12},
	number={4},
	pages={307--320},
	year={1998},
	publisher={Cambridge University Press}
}

@article{zhang2014product,
	title={Product configuration: a review of the state-of-the-art and future research},
	author={Zhang, Linda L},
	journal={International Journal of Production Research},
	volume={52},
	number={21},
	pages={6381--6398},
	year={2014},
	publisher={Taylor \& Francis}
}

@article{brown1998defining, 
	title={{Defining Configuring}}, 
	volume={12}, 
	number={4}, 
	journal={Artificial Intelligence for Engineering Design, Analysis and Manufacturing},
	publisher={Cambridge University Press}, 
	author={Brown, David C.}, 
	year={1998}, 
	pages={301–305}
}

@article{carlson1996genetic,
	title={Genetic algorithm attributes for component selection},
	author={Carlson, Susan E},
	journal={Research in Engineering Design},
	volume={8},
	number={1},
	pages={33--51},
	year={1996},
	publisher={Springer}
}

@article{mcdermott1981r1,
	title={R1: The formative years},
	author={McDermott, John},
	journal={AI magazine},
	volume={2},
	number={2},
	pages={21--21},
	year={1981}
}

@article{franke1998configuration,
	title={Configuration research and commercial solutions},
	author={Franke, David W},
	journal={AI EDAM},
	volume={12},
	number={4},
	pages={295--300},
	year={1998},
	publisher={Cambridge University Press}
}

@article{homaifar1994constrained,
	title={Constrained optimization via genetic algorithms},
	author={Homaifar, Abdollah and Qi, Charlene X and Lai, Steven H},
	journal={Simulation},
	volume={62},
	number={4},
	pages={242--253},
	year={1994},
	publisher={Sage Publications Sage CA: Thousand Oaks, CA}
}

@article{KamentskyL63,
	author    = {Louis A. Kamentsky and
	Chao{-}Ning Liu},
	title     = {{Computer-Automated Design of Multifont Print Recognition Logic}},
	journal   = {{IBM} Journal of Research and Development},
	volume    = {7},
	number    = {1},
	pages     = {2--13},
	year      = {1963}
}

@article{marcus1987vt,
	title={{VT: An expert elevator designer that uses knowledge-based backtracking}},
	author={Marcus, Sandra and Stout, Jeffrey and McDermott, John},
	journal={AI magazine},
	volume={8},
	number={4},
	pages={41--41},
	year={1987}
}

@article{nieuwenhuis2006solving,
	title={{Solving SAT and SAT modulo theories: from an abstract Davis--Putnam--Logemann--Loveland procedure to DPLL (T)}},
	author={Nieuwenhuis, Robert and Oliveras, Albert and Tinelli, Cesare},
	journal={Journal of the ACM (JACM)},
	volume={53},
	number={6},
	pages={937--977},
	year={2006},
	publisher={ACM}
}

@article{walter2017constraint,
	title={Constraint-based and SAT-based diagnosis of automotive configuration problems},
	author={Walter, Rouven and Felfernig, Alexander and K{\"u}chlin, Wolfgang},
	journal={Journal of Intelligent Information Systems},
	volume={49},
	number={1},
	pages={87--118},
	year={2017},
	publisher={Springer}
}

@article{wang2017process,
	title={Process configuration based on generative constraint satisfaction problem},
	author={Wang, Lin and Zhong, Shi-Sheng and Zhang, Yong-Jian},
	journal={Journal of Intelligent Manufacturing},
	volume={28},
	number={4},
	pages={945--957},
	year={2017},
	publisher={Springer}
}

@inproceedings{AiLift,
	title = "{Computer Intensive Vs. Heuristic Methods In Automated Design Of Elevator 
	Systems}",
	author = {Leopoldo Annunziata and 
	Marco Menapace and 
	Armando Tacchella},
	year = {2017},
	date = {2017-01-01},
	booktitle = {European Conference on Modelling and Simulation, ECMS 2017, Budapest, 
	Hungary, May 23-26, 2017, Proceedings},
	pages = {543--549},
}

@inproceedings{AiLift2,
	title = "{Automating Elevator Design
	with Satisfiability Modulo Theories}",
	author = {Stefano Demarchi and
	Marco Menapace and 
	Armando Tacchella},
	year = {2019},
	booktitle = {IEEE International Conference on Tools with Artificial Intelligence, ICTAI 2019, Portland, 
	Oregon, November 4-6, 2019, Proceedings}
}

@inproceedings{AiLift3,
	title = {{Automated Design of Elevator Systems:
	Experimenting with Constraint-based approaches}},
	author = {Stefano Demarchi and
	Marco Menapace and 
	Armando Tacchella},
	year = {2021},
	booktitle = {The 20th International Conference of the	
	Italian Association for Artificial Intelligence
	(AIxIA 2021), Online Event December 1-3, 2021, Proceedings}
}

@article{AiLift4,
	title={A comparison of declarative AI techniques for computer automated design of elevator systems},
	author={Cicala, G and Demarchi, S and Menapace, M and Annunziata, L and Tacchella, A},
	journal={Intelligenza Artificiale},
	volume={16},
	number={1},
	pages={131--150},
	year={2022},
	publisher={IOS Press}
}

@article{DBLP:journals/corr/SamekMBLM16,
	author    = {Wojciech Samek and
	Gr{\'{e}}goire Montavon and
	Alexander Binder and
	Sebastian Lapuschkin and
	Klaus{-}Robert M{\"{u}}ller},
	title     = {Interpreting the Predictions of Complex {ML} Models by Layer-wise
	Relevance Propagation},
	journal   = {CoRR},
	volume    = {abs/1611.08191},
	year      = {2016}
}

@inproceedings{haag2005dealing,
	title={“Dealing” with configurable products in the SAP business suite},
	author={Haag, Albert},
	booktitle={Papers from the Configuration Workshop at IJCAI'05},
	pages={68},
	year={2005},
	organization={Citeseer}
}

@inproceedings{jensen2004clab,
	title={CLab: A C++ library for fast backtrack-free interactive product configuration},
	author={Jensen, Rune M},
	booktitle={International Conference on Principles and Practice of Constraint Programming},
	pages={816--816},
	year={2004},
	organization={Springer}
}

@inproceedings{benavides2005using,
	title={Using Constraint Programming to Reason on Feature Models.},
	author={Benavides, David and Trinidad, Pablo and Cort{\'e}s, Antonio Ruiz},
	booktitle={SEKE},
	volume={5},
	pages={677--682},
	year={2005}
}

@inproceedings{bacchus2007gac,
	author = {Fahiem Bacchus},
	title = "{GAC Via Unit Propagation}",
	url = {B-CP2007.pdf},
	booktitle = {Proceedings of the 13th International Conference on Principles and Practice of Constraint Programming (CP-2007)},
	area = {Advanced Propositional Reasoning (CSP/SAT, #SAT/Bayes, Optimization, QBF/QCSP)},
	year = {2007},
	pages = {133-147},
	ee = {http://dx.doi.org/10.1007/978-3-540-74970-7_12},
	bibsource = {DBLP http://dblp.uni-trier.de}
}

@inproceedings{mittal1990dynamic,
	title={Dynamic constraint satisfaction},
	author={Mittal, Sanjay and Falkenhainer, Brian},
	booktitle={Proceedings eighth national conference on artificial intelligence},
	pages={25--32},
	year={1990}
}

@inproceedings{mittal1989towards,
	title="{Towards a Generic Model of Configuraton Tasks.}",
	author={Mittal, Sanjay and Frayman, Felix},
	booktitle={IJCAI},
	volume={89},
	pages={1395--1401},
	year={1989},
	organization={Citeseer}
}

@inproceedings{sebastiani2012optimization,
	title={Optimization in {SMT} with {LA(Q)} Cost Functions},
	author={Sebastiani, Roberto and Tomasi, Silvia},
	booktitle={Automated Reasoning: 6th International Joint Conference, IJCAR 2012, Manchester, UK, June 26-29, 2012. Proceedings 6},
	pages={484--498},
	year={2012},
	organization={Springer}
}

@inproceedings{sebastiani2017optimization,
	title={On optimization modulo theories, Max{SMT} and sorting networks},
	author={Sebastiani, Roberto and Trentin, Patrick},
	booktitle={International Conference on Tools and Algorithms for the Construction and Analysis of Systems},
	pages={231--248},
	year={2017},
	organization={Springer}
}

@inproceedings{sosy-java-smt,
	author="Karpenkov, Egor George
	and Friedberger, Karlheinz
	and Beyer, Dirk",
	editor="Blazy, Sandrine
	and Chechik, Marsha",
	title="Java{SMT}: A Unified Interface for {SMT} Solvers in Java",
	booktitle="Verified Software. Theories, Tools, and Experiments",
	year="2016",
	publisher="Springer International Publishing",
	address="Cham",
	pages="139--148",
	isbn="978-3-319-48869-1"
}

@inproceedings{vareilles2017iconic,
	title={ICONIC: Interactive CONstraint-based Configuration},
	author={Vareilles, {\'E}lise and Fargier, H{\'e}l{\`e}ne and Aldanondo, Michel and Gaborit, Paul},
	year={2017}
}

@inproceedings{vZ,
	title={$\nu$Z - an optimizing {SMT} solver},
	author={Bj{\o}rner, Nikolaj and Phan, Anh-Dung and Fleckenstein, Lars},
	booktitle={International Conference on Tools and Algorithms for the Construction and Analysis of Systems},
	pages={194--199},
	year={2015},
	organization={Springer}
}

@inproceedings{z3,
	author="de Moura, Leonardo
	and Bj{\o}rner, Nikolaj",
	editor="Ramakrishnan, C. R.
	and Rehof, Jakob",
	title="Z3: An Efficient {SMT} Solver",
	booktitle="Tools and Algorithms for the Construction and Analysis of Systems",
	year="2008",
	publisher="Springer Berlin Heidelberg",
	address="Berlin, Heidelberg",
	pages="337--340",
	isbn="978-3-540-78800-3"
}

@inproceedings{nethercote2007minizinc,
	title={Mini{Z}inc: Towards a standard {CP} modelling language},
	author={Nethercote, Nicholas and Stuckey, Peter J and Becket, Ralph and Brand, Sebastian and Duck, Gregory J and Tack, Guido},
	booktitle={International Conference on Principles and Practice of Constraint Programming},
	pages={529--543},
	year={2007},
	organization={Springer}
}

@incollection{barrett2018satisfiability,
	title="{Satisfiability Modulo Theories}",
	author={Barrett, Clark and Tinelli, Cesare},
	booktitle={Handbook of Model Checking},
	pages={305--343},
	year={2018},
	publisher={Springer}
}

@book{abdi1999neural,
	title={Neural networks},
	author={Abdi, Herv{\'e} and Valentin, Dominique and Edelman, Betty},
	number={124},
	year={1999},
	publisher={Sage}
}

@book{rossi2006handbook,
	title={Handbook of constraint programming},
	author={Rossi, Francesca and Van Beek, Peter and Walsh, Toby},
	year={2006},
	publisher={Elsevier}
}

@book{davis1991handbook,
	title={Handbook of genetic algorithms},
	author={Davis, Lawrence},
	year={1991},
	publisher={CUMINCAD}
}

@book{rao2012mechanical,
	title={Mechanical design optimization using advanced optimization techniques},
	author={Rao, R Venkata and Savsani, Vimal J},
	year={2012},
	publisher={Springer Science \& Business Media}
}

@book{vaadin14,
	title={Book of Vaadin: Vaadin 14 Edition},
	author="{The Vaadin Team}",
	year={2019},
	publisher={Vaadin},
	isbn={978-1692121440}
}

@misc{jenetics,
	author = {Wilhelmst{\"o}tter, Franz},
	title = "{Jenetics - Java Genetic Algorithms Library, http://jenetics.io}",
	year = 2022,
	url = "http://jenetics.io",
	urldate = {2022-03-08}
}

@misc{snap,
	author={Adobe},
	title={{Snap.svg - the JavaScript SVG library for the modern web}, http://snapsvg.io/},
	year=2022,
	url="http://snapsvg.io/",
	urldate={2023-01-05}
}

@misc{smtlib,
	title = {The {SMT-LIB} Standard - Version 2.6, 
	http://smtlib.cs.uiowa.edu/papers/smt-lib-reference-v2.6-r2017-07-18.pdf},
	author = {Barret, Clark and Fontaine, Pascal and Tinelli, Cesare},
	year = 2017,
	url = "http://smtlib.cs.uiowa.edu/papers/smt-lib-reference-v2.6-r2017-07-18.pdf",
	urldate = {2019-03-22}
}

@misc{marriott2014minizinc,
	title={A {MiniZinc} tutorial, http://www. minizinc. org/downloads/doc-latest},
	author={Marriott, Kim and Stuckey, Peter J and Koninck, LD and Samulowitz, Horst},
	year={2014},
	url={http://www. minizinc. org/downloads/doc-latest},
	publisher={Technical report, 2015. http://www. minizinc. org/downloads/doc-latest}
}

@misc{cplex,
	author = {IBM},
	year = {2017},
	title = "{IBM ILOG CPLEX} Optimization Studio (2017) {CPLEX} Users Manual, version 12.7"
}

@misc{gurobi,
	author = {Gu, Zonghao and Rothberg, Edward and Bixby, Robert},
	title = {Gurobi Optimization, http://www.gurobi.com/},
	year = 2019,
	url = {http://www.gurobi.com/},
	urldate = {2019-04-04}
}

@Article{sebastiani2018optimathsat,
	author  = "Sebastiani, Roberto and Trentin, Patrick",
	title   = "Opti{M}ath{SAT}: A Tool for {O}ptimization {M}odulo {T}heories",
	journal = "Journal of Automated Reasoning",
	year    = "2018",
	month   = "Dec",
	day     = "15",
	issn    = "1573-0670",
	doi     = "10.1007/s10817-018-09508-6",
	url     = "https://doi.org/10.1007/s10817-018-09508-6"
}

@article{schimpf_shen_2012, 
	title="{ECL}i{PS}e – From {LP} to {CLP}", 
	volume={12}, 
	DOI={10.1017/S1471068411000469}, 
	number={1-2}, 
	journal={Theory and Practice of Logic Programming}, 
	publisher={Cambridge University Press}, 
	author={Schimpf, Joachim and Shen, Kish}, 
	year={2012}, 
	pages={127–156}
}

@misc{ortools,
	title = "{OR-T}ools, https://developers.google.com/optimization/",
	year = {2020},
	version = {7.8},
	author = {Laurent Perron and Vincent Furnon},
	organization = {Google},
	url = {https://developers.google.com/optimization/}
}

@inproceedings{chu2013improving,
	title={Improving combinatorial optimization},
	author={Chu, Geoffrey},
	booktitle={Twenty-Third International Joint Conference on Artificial Intelligence},
	year={2013}
}

@article{DBLP:journals/nca/SlowikK20,
	author    = {Adam Slowik and
	Halina Kwasnicka},
	title     = {Evolutionary algorithms and their applications to engineering problems},
	journal   = {Neural Comput. Appl.},
	volume    = {32},
	number    = {16},
	pages     = {12363--12379},
	year      = {2020}
}

@article{ascione2016simulation,
	title={Simulation-based model predictive control by the multi-objective optimization of building energy performance and thermal comfort},
	author={Ascione, Fabrizio and Bianco, Nicola and De Stasio, Claudio and Mauro, Gerardo Maria and Vanoli, Giuseppe Peter},
	journal={Energy and Buildings},
	volume={111},
	pages={131--144},
	year={2016},
	publisher={Elsevier}
}

@article{lv2017solar,
	title={Solar array layout optimization for stratospheric airships using numerical method},
	author={Lv, Mingyun and Li, Jun and Du, Huafei and Zhu, Weiyu and Meng, Junhui},
	journal={Energy Conversion and Management},
	volume={135},
	pages={160--169},
	year={2017},
	publisher={Elsevier}
}

@article{ramos2018new,
	title={A new load balance methodology for container loading problem in road transportation},
	author={Ramos, Ant{\'o}nio G and Silva, Elsa and Oliveira, Jos{\'e} F},
	journal={European Journal of Operational Research},
	volume={266},
	number={3},
	pages={1140--1152},
	year={2018},
	publisher={Elsevier}
}

@inproceedings{tran2019star,
	title={Star-based reachability analysis of deep neural networks},
	author={Tran, Hoang-Dung and Lopez, Diago Manzanas and Musau, Patrick and Yang, Xiaodong and Nguyen, Luan Viet and Xiang, Weiming and Johnson, Taylor T},
	booktitle={International Symposium on Formal Methods},
	pages={670--686},
	year={2019},
	organization={Springer}
}

@inproceedings{bak2017simulation,
	title={Simulation-equivalent reachability of large linear systems with inputs},
	author={Bak, Stanley and Duggirala, Parasara Sridhar},
	booktitle={International Conference on Computer Aided Verification},
	pages={401--420},
	year={2017},
	organization={Springer}
}

@article{zheng2019computing,
	title={Computing bounding polytopes of a compact set and related problems in n-dimensional space},
	author={Zheng, Yu},
	journal={Computer-Aided Design},
	volume={109},
	pages={22--32},
	year={2019},
	publisher={Elsevier}
}

@article{hornik1989multilayer,
	title={{Multilayer feedforward networks are universal approximators.}},
	author={Hornik, K. and Stinchcombe, M. and White, H.},
	journal={Neural networks},
	volume={2},
	number={5},
	pages={359--366},
	year={1989}
}

@inproceedings{DBLP:conf/nips/WongSMK18,
	author    = {Eric Wong and
	Frank R. Schmidt and
	Jan Hendrik Metzen and
	J. Zico Kolter},
	title     = {Scaling provable adversarial defenses},
	booktitle = {Advances in Neural Information Processing Systems 31: Annual Conference
	on Neural Information Processing Systems 2018, NeurIPS 2018, 3-8 December
	2018, Montr{\'{e}}al, Canada},
	pages     = {8410--8419},
	year      = {2018}
}

@inproceedings{DBLP:conf/iclr/XiaoTSM19,
	author    = {Kai Y. Xiao and
	Vincent Tjeng and
	Nur Muhammad (Mahi) Shafiullah and
	Aleksander Madry},
	title     = {Training for Faster Adversarial Robustness Verification via Inducing
	ReLU Stability},
	booktitle = {7th International Conference on Learning Representations, {ICLR} 2019,
	New Orleans, LA, USA, May 6-9, 2019},
	year      = {2019} 
}\textbf{}

@inproceedings{DBLP:journals/corr/SzegedyZSBEGF13,
	author    = {Christian Szegedy and
	Wojciech Zaremba and
	Ilya Sutskever and
	Joan Bruna and
	Dumitru Erhan and
	Ian J. Goodfellow and
	Rob Fergus},
	title     = {Intriguing properties of neural networks},
	booktitle = {2nd International Conference on Learning Representations, {ICLR} 2014,
	Banff, AB, Canada, April 14-16, 2014, Conference Track Proceedings},
	year      = {2014}
}

@article{DBLP:journals/nature/LeCunBH15,
	author    = {Yann LeCun and
	Yoshua Bengio and
	Geoffrey E. Hinton},
	title     = {Deep learning},
	journal   = {Nature},
	volume    = {521},
	number    = {7553},
	pages     = {436--444},
	year      = {2015}
}

@inproceedings{DBLP:conf/cvpr/TaigmanYRW14,
	author    = {Yaniv Taigman and
	Ming Yang and
	Marc'Aurelio Ranzato and
	Lior Wolf},
	title     = {DeepFace: Closing the Gap to Human-Level Performance in Face Verification},
	booktitle = {2014 {IEEE} Conference on Computer Vision and Pattern Recognition,
	{CVPR} 2014, Columbus, OH, USA, June 23-28, 2014},
	pages     = {1701--1708},
	year      = {2014}
}

@article{DBLP:journals/taslp/YuHMCS12,
	author    = {Dong Yu and
	Geoffrey E. Hinton and
	Nelson Morgan and
	Jen{-}Tzung Chien and
	Shigeki Sagayama},
	title     = {Introduction to the Special Section on Deep Learning for Speech and
	Language Processing},
	journal   = {{IEEE} Trans. Audio, Speech {\&} Language Processing},
	volume    = {20},
	number    = {1},
	pages     = {4--6},
	year      = {2012}
}

@article{DBLP:journals/corr/abs-1807-03571,
	author    = {Min Wu and
	Matthew Wicker and
	Wenjie Ruan and
	Xiaowei Huang and
	Marta Kwiatkowska},
	title     = {A Game-Based Approximate Verification of Deep Neural Networks with
	Provable Guarantees},
	journal   = {CoRR},
	volume    = {abs/1807.03571},
	year      = {2018}
}

@inproceedings{DBLP:conf/hybrid/DuttaCJST19,
	author    = {Souradeep Dutta and
	Xin Chen and
	Susmit Jha and
	Sriram Sankaranarayanan and
	Ashish Tiwari},
	title     = {Sherlock - {A} tool for verification of neural network feedback systems:
	demo abstract},
	booktitle = {Proceedings of the 22nd {ACM} International Conference on Hybrid Systems:
	Computation and Control, {HSCC} 2019, Montreal, QC, Canada, April
	16-18, 2019},
	pages     = {262--263},
	year      = {2019}
}

@article{huang2018safety,
	title={Safety and Trustworthiness of Deep Neural Networks: A Survey},
	author={Huang, Xiaowei and Kroening, Daniel and Kwiatkowska, Marta and Ruan, Wenjie and Sun, Youcheng and Thamo, Emese and Wu, Min and Yi, Xinping},
	journal={arXiv preprint arXiv:1812.08342},
	year={2018}
}

@inproceedings{DBLP:conf/iccv/LiuLSHYZ17,
	author    = {Zhuang Liu and
	Jianguo Li and
	Zhiqiang Shen and
	Gao Huang and
	Shoumeng Yan and
	Changshui Zhang},
	title     = {Learning Efficient Convolutional Networks through Network Slimming},
	booktitle = {{IEEE} International Conference on Computer Vision, {ICCV} 2017, Venice,
	Italy, October 22-29, 2017},
	pages     = {2755--2763},
	year      = {2017}
}

@article{DBLP:journals/corr/HanPTD15,
	author    = {Song Han and
	Jeff Pool and
	John Tran and
	William J. Dally},
	title     = {Learning both Weights and Connections for Efficient Neural Networks},
	journal   = {CoRR},
	volume    = {abs/1506.02626},
	year      = {2015}
}

@inproceedings{DBLP:conf/nips/CunDS89,
	author    = {Yann LeCun and
	John S. Denker and
	Sara A. Solla},
	title     = {Optimal Brain Damage},
	booktitle = {Advances in Neural Information Processing Systems 2, {[NIPS} Conference,
	Denver, Colorado, USA, November 27-30, 1989]},
	pages     = {598--605},
	year      = {1989}
}

@inproceedings{DBLP:conf/icnn/SietsmaD88,
	author    = {Jocelyn Sietsma and
	Robert J. F. Dow},
	title     = {Neural net pruning-why and how},
	booktitle = {Proceedings of International Conference on Neural Networks (ICNN'88),
	San Diego, CA, USA, July 24-27, 1988},
	pages     = {325--333},
	year      = {1988}
}

@article{lenail-img,
	author    = {LeNail, Alexander},
	title     = {NN-SVG: Publication-Ready Neural Network Architecture Schematics},
	journal   = {Journal of Open Source Software},
	volume    = {4},  
	number    = {33},
	pages     = {747},
	year      = {2019}
}

@inproceedings{DBLP:conf/icml/IoffeS15,
	author    = {Sergey Ioffe and
	Christian Szegedy},
	title     = {Batch Normalization: Accelerating Deep Network Training by Reducing
	Internal Covariate Shift},
	booktitle = {Proceedings of the 32nd International Conference on Machine Learning,
	{ICML} 2015, Lille, France, 6-11 July 2015},
	pages     = {448--456},
	year      = {2015}
}

@article{lecun1998gradient,
	title={Gradient-based learning applied to document recognition},
	author={LeCun, Yann and Bottou, L{\'e}on and Bengio, Yoshua and Haffner, Patrick and others},
	journal={Proceedings of the IEEE},
	volume={86},
	number={11},
	pages={2278--2324},
	year={1998}
}

@inproceedings{paszke2017automatic,
	title={Automatic Differentiation in {PyTorch}},
	author={Paszke, Adam and Gross, Sam and Chintala,
	Soumith and Chanan, Gregory and Yang, Edward and DeVito,
	Zachary and Lin, Zeming and Desmaison, Alban and Antiga,
	Luca and Lerer, Adam},
	booktitle={NIPS Autodiff Workshop},
	year={2017}
}

@inproceedings{DBLP:conf/icml/SutskeverMDH13,
	author    = {Ilya Sutskever and
	James Martens and
	George E. Dahl and
	Geoffrey E. Hinton},
	title     = {On the importance of initialization and momentum in deep learning},
	booktitle = {Proceedings of the 30th International Conference on Machine Learning,
	{ICML} 2013, Atlanta, GA, USA, 16-21 June 2013},
	pages     = {1139--1147},
	year      = {2013}
}

@inproceedings{DBLP:conf/iclr/LiuSZHD19,
	author    = {Zhuang Liu and
	Mingjie Sun and
	Tinghui Zhou and
	Gao Huang and
	Trevor Darrell},
	title     = {Rethinking the Value of Network Pruning},
	booktitle = {7th International Conference on Learning Representations, {ICLR} 2019,
	New Orleans, LA, USA, May 6-9, 2019},
	year      = {2019}
}

@inproceedings{DBLP:conf/cav/KatzHIJLLSTWZDK19,
	author    = {Guy Katz and
	Derek A. Huang and
	Duligur Ibeling and
	Kyle Julian and
	Christopher Lazarus and
	Rachel Lim and
	Parth Shah and
	Shantanu Thakoor and
	Haoze Wu and
	Aleksandar Zeljic and
	David L. Dill and
	Mykel J. Kochenderfer and
	Clark W. Barrett},
	title     = {The Marabou Framework for Verification and Analysis of Deep Neural
	Networks},
	booktitle = {Computer Aided Verification - 31st International Conference, {CAV} 2019, New York City, NY, USA, July 15-18, 2019, Proceedings, Part {I}},
	pages     = {443--452},
	year      = {2019}
}

@inproceedings{DBLP:conf/iclr/SinghGPV19,
	author    = {Gagandeep Singh and
	Timon Gehr and
	Markus P{\"{u}}schel and
	Martin T. Vechev},
	title     = {Boosting Robustness Certification of Neural Networks},
	booktitle = {7th International Conference on Learning Representations, {ICLR} 2019,
	New Orleans, LA, USA, May 6-9, 2019},
	year      = {2019}
}

@inproceedings{DBLP:conf/iclr/TjengXT19,
	author    = {Vincent Tjeng and
	Kai Y. Xiao and
	Russ Tedrake},
	title     = {Evaluating Robustness of Neural Networks with Mixed Integer Programming},
	booktitle = {7th International Conference on Learning Representations, {ICLR} 2019,
	New Orleans, LA, USA, May 6-9, 2019},
	year      = {2019}
}

@article{DBLP:journals/corr/RauberBB17,
	author    = {Jonas Rauber and
	Wieland Brendel and
	Matthias Bethge},
	title     = {Foolbox v0.8.0: {A} Python toolbox to benchmark the robustness of
	machine learning models},
	journal   = {CoRR},
	volume    = {abs/1707.04131},
	year      = {2017}
}

@inproceedings{DBLP:journals/corr/GoodfellowSS14,
	author    = {Ian J. Goodfellow and
	Jonathon Shlens and
	Christian Szegedy},
	title     = {Explaining and Harnessing Adversarial Examples},
	booktitle = {3rd International Conference on Learning Representations, {ICLR} 2015,
	San Diego, CA, USA, May 7-9, 2015, Conference Track Proceedings},
	year      = {2015}
}

@article{DBLP:journals/corr/abs-1805-09938,
	author    = {Francesco Leofante and
	Nina Narodytska and
	Luca Pulina and
	Armando Tacchella},
	title     = {Automated Verification of Neural Networks: Advances, Challenges and
	Perspectives},
	journal   = {CoRR},
	volume    = {abs/1805.09938},
	year      = {2018}
}

@inproceedings{DBLP:conf/cav/PulinaT10,
	author    = {Luca Pulina and
	Armando Tacchella},
	title     = {An Abstraction-Refinement Approach to Verification of Artificial Neural
	Networks},
	booktitle = {Computer Aided Verification, 22nd International Conference, {CAV} 2010, Edinburgh, UK, July 15-19, 2010. Proceedings},
	pages     = {243--257},
	year      = {2010}
}

@inproceedings{DBLP:conf/aaai/NarodytskaKRSW18,
	author    = {Nina Narodytska and
	Shiva Prasad Kasiviswanathan and
	Leonid Ryzhyk and
	Mooly Sagiv and
	Toby Walsh},
	title     = {Verifying Properties of Binarized Deep Neural Networks},
	booktitle = {Proceedings of the Thirty-Second {AAAI} Conference on Artificial Intelligence,
	(AAAI-18), the 30th innovative Applications of Artificial Intelligence
	(IAAI-18), and the 8th {AAAI} Symposium on Educational Advances in
	Artificial Intelligence (EAAI-18), New Orleans, Louisiana, USA, February
	2-7, 2018},
	pages     = {6615--6624},
	year      = {2018}
}

@article{DBLP:journals/corr/LomuscioM17,
	author    = {Alessio Lomuscio and
	Lalit Maganti},
	title     = {An approach to reachability analysis for feed-forward ReLU neural
	networks},
	journal   = {CoRR},
	volume    = {abs/1706.07351},
	year      = {2017}
}

@inproceedings{DBLP:conf/sp/GehrMDTCV18,
	author    = {Timon Gehr and
	Matthew Mirman and
	Dana Drachsler{-}Cohen and
	Petar Tsankov and
	Swarat Chaudhuri and
	Martin T. Vechev},
	title     = {{AI2:} Safety and Robustness Certification of Neural Networks with
	Abstract Interpretation},
	booktitle = {2018 {IEEE} Symposium on Security and Privacy, {SP} 2018, Proceedings,
	21-23 May 2018, San Francisco, California, {USA}},
	pages     = {3--18},
	year      = {2018}
}

@inproceedings{DBLP:conf/nips/WangPWYJ18,
	author    = {Shiqi Wang and
	Kexin Pei and
	Justin Whitehouse and
	Junfeng Yang and
	Suman Jana},
	title     = {Efficient Formal Safety Analysis of Neural Networks},
	booktitle = {Advances in Neural Information Processing Systems 31: Annual Conference
	on Neural Information Processing Systems 2018, NeurIPS 2018, 3-8 December
	2018, Montr{\'{e}}al, Canada},
	pages     = {6369--6379},
	year      = {2018}
}

@article{DBLP:journals/corr/abs-1708-07747,
	author    = {Han Xiao and
	Kashif Rasul and
	Roland Vollgraf},
	title     = {Fashion-MNIST: a Novel Image Dataset for Benchmarking Machine Learning
	Algorithms},
	journal   = {CoRR},
	volume    = {abs/1708.07747},
	year      = {2017}
}

@inproceedings{DBLP:conf/nips/GuoZZC18,
	author    = {Yiwen Guo and
	Chao Zhang and
	Changshui Zhang and
	Yurong Chen},
	title     = {Sparse DNNs with Improved Adversarial Robustness},
	booktitle = {Advances in Neural Information Processing Systems 31: Annual Conference
	on Neural Information Processing Systems 2018, NeurIPS 2018, 3-8 December
	2018, Montr{\'{e}}al, Canada},
	pages     = {240--249},
	year      = {2018}
}

@inproceedings{DBLP:journals/corr/KingmaB14,
	author    = {Diederik P. Kingma and
	Jimmy Ba},
	editor    = {Yoshua Bengio and
	Yann LeCun},
	title     = {Adam: {A} Method for Stochastic Optimization},
	booktitle = {3rd International Conference on Learning Representations, {ICLR} 2015,
	San Diego, CA, USA, May 7-9, 2015, Conference Track Proceedings},
	year      = {2015}
}

@inproceedings{DBLP:conf/ecai/GuidottiLPT20,
	author    = {Dario Guidotti and
	Francesco Leofante and
	Luca Pulina and
	Armando Tacchella},
	editor    = {Giuseppe De Giacomo and
	Alejandro Catal{\'{a}} and
	Bistra Dilkina and
	Michela Milano and
	Sen{\'{e}}n Barro and
	Alberto Bugar{\'{\i}}n and
	J{\'{e}}r{\^{o}}me Lang},
	title     = {Verification of Neural Networks: Enhancing Scalability Through Pruning},
	booktitle = {{ECAI} 2020 - 24th European Conference on Artificial Intelligence,
	29 August-8 September 2020, Santiago de Compostela, Spain, August
	29 - September 8, 2020 - Including 10th Conference on Prestigious
	Applications of Artificial Intelligence {(PAIS} 2020)},
	series    = {Frontiers in Artificial Intelligence and Applications},
	volume    = {325},
	pages     = {2505--2512},
	publisher = {{IOS} Press},
	year      = {2020},
	url       = {https://doi.org/10.3233/FAIA200384},
	doi       = {10.3233/FAIA200384},
	timestamp = {Thu, 14 Oct 2021 10:29:24 +0200},
	biburl    = {https://dblp.org/rec/conf/ecai/GuidottiLPT20.bib},
	bibsource = {dblp computer science bibliography, https://dblp.org}
}

@article{pulina2011n,
	title={NeVer: a tool for artificial neural networks verification},
	author={Pulina, Luca and Tacchella, Armando},
	journal={Annals of Mathematics and Artificial Intelligence},
	volume={62},
	number={3-4},
	pages={403--425},
	year={2011},
	publisher={Springer}
}

@inproceedings{DBLP:conf/ecms/DemarchiGPT22,
	author    = {Stefano Demarchi and
	Dario Guidotti and
	Andrea Pitto and
	Armando Tacchella},
	editor    = {Ibrahim A. Hameed and
	Agus Hasan and
	Saleh Abdel{-}Afou Alaliyat},
	title     = {Formal Verification Of Neural Networks: {A} Case Study About Adaptive
	Cruise Control},
	booktitle = {Proceedings of the 36th {ECMS} International Conference on Modelling
	and Simulation, {ECMS} 2022, {\AA}lesund, Norway, May 30 - June 3,
	2022},
	pages     = {310--316},
	publisher = {European Council for Modeling and Simulation},
	year      = {2022},
	url       = {https://doi.org/10.7148/2022-0310},
	doi       = {10.7148/2022-0310},
	timestamp = {Mon, 15 Aug 2022 13:47:01 +0200},
	biburl    = {https://dblp.org/rec/conf/ecms/DemarchiGPT22.bib},
	bibsource = {dblp computer science bibliography, https://dblp.org}
}

@inproceedings{DBLP:conf/cpsschool/DemarchiG22,
	author    = {Stefano Demarchi and
	Dario Guidotti},
	editor    = {Raquel Lazcano L{\'{o}}pez and
	Daniel Madro{\~{n}}al Quint{\'{\i}}n and
	Francesca Palumbo and
	Christian Pilato and
	Armando Tacchella},
	title     = {Counter-Example Guided Abstract Refinement for Verification of Neural
	Networks},
	booktitle = {Proceedings of the {CPS} Summer School PhD Workshop 2022 co-located
	with 4th Edition of the {CPS} Summer School {(CPS} 2022), Pula, Sardinia
	(Italy), September 19-23, 2022},
	series    = {{CEUR} Workshop Proceedings},
	volume    = {3252},
	publisher = {CEUR-WS.org},
	year      = {2022},
	url       = {http://ceur-ws.org/Vol-3252/paper1.pdf},
	timestamp = {Mon, 07 Nov 2022 07:28:03 +0100},
	biburl    = {https://dblp.org/rec/conf/cpsschool/DemarchiG22.bib},
	bibsource = {dblp computer science bibliography, https://dblp.org}
}

@article{DBLP:journals/aicom/PulinaT12,
	author    = {Luca Pulina and
	Armando Tacchella},
	title     = {Challenging {SMT} solvers to verify neural networks},
	journal   = {{AI} Commun.},
	volume    = {25},
	number    = {2},
	pages     = {117--135},
	year      = {2012},
}

@article{franzle2007efficient,
	title={{Efficient solving of large non-linear arithmetic constraint systems with complex boolean structure}},
	author={Franzle, M. and Herde, C. and Teige, T. and Ratschan, S. and Schubert, T.},
	journal={Journal on Satisfiability, Boolean Modeling and Computation},
	volume={1},
	pages={209--236},
	year={2007}
}

@Article{igel08,
	author = {Igel, C. and Glasmachers, T. and Heidrich-Meisner, V.},
	title = {Shark},
	journal = {Journal of Machine Learning Research},
	year = {2008},
	volume = {9},
	pages = {993-996},
}

@incollection{torrey2010transfer,
	title={Transfer learning},
	author={Torrey, Lisa and Shavlik, Jude},
	booktitle={Handbook of research on machine learning applications and trends: algorithms, methods, and techniques},
	pages={242--264},
	year={2010},
	publisher={IGI Global}
}

@phdthesis{DBLP:phd/basesearch/Guidotti22,
	author    = {Dario Guidotti},
	title     = {Verification and Repair of Machine Learning Models},
	school    = {University of Genoa, Italy},
	year      = {2022},
	url       = {http://hdl.handle.net/11567/1082694},
	timestamp = {Sat, 25 Jun 2022 17:45:57 +0200},
	biburl    = {https://dblp.org/rec/phd/basesearch/Guidotti22.bib},
	bibsource = {dblp computer science bibliography, https://dblp.org}
}

@article{DBLP:journals/corr/abs-2004-05519,
	author    = {Hoang-Dung Tran and
	Xiaodong Yang and
	Diego Manzanas Lopez and
	Patrick Musau and
	Luan Viet Nguyen and
	Weiming Xiang and
	Stanley Bak and
	Taylor T. Johnson},
	title     = {{NNV:} The Neural Network Verification Tool for Deep Neural Networks
	and Learning-Enabled Cyber-Physical Systems},
	journal   = {CoRR},
	volume    = {abs/2004.05519},
	year      = {2020}
}

@inproceedings{DBLP:conf/kr/AkitundeLMP18,
	author    = {Michael Akintunde and
	Alessio Lomuscio and
	Lalit Maganti and
	Edoardo Pirovano},
	title     = {Reachability Analysis for Neural Agent-Environment Systems},
	booktitle = {Principles of Knowledge Representation and Reasoning: Proceedings
	of the Sixteenth International Conference, {KR} 2018, Tempe, Arizona,
	30 October - 2 November 2018},
	pages     = {184--193},
	publisher = {{AAAI} Press},
	year      = {2018}
}

@article{DBLP:journals/corr/AbadiBCCDDDGIIK16,
	author    = {Mart{\'{\i}}n Abadi and
	Paul Barham and
	Jianmin Chen and
	Zhifeng Chen and
	Andy Davis and
	Jeffrey Dean and
	Matthieu Devin and
	Sanjay Ghemawat and
	Geoffrey Irving and
	Michael Isard and
	Manjunath Kudlur and
	Josh Levenberg and
	Rajat Monga and
	Sherry Moore and
	Derek Gordon Murray and
	Benoit Steiner and
	Paul A. Tucker and
	Vijay Vasudevan and
	Pete Warden and
	Martin Wicke and
	Yuan Yu and
	Xiaoqiang Zhang},
	title     = {TensorFlow: {A} system for large-scale machine learning},
	journal   = {CoRR},
	volume    = {abs/1605.08695},
	year      = {2016}
}

@inproceedings{DBLP:conf/nips/PaszkeGMLBCKLGA19,
	author    = {Adam Paszke and
	Sam Gross and
	Francisco Massa and
	Adam Lerer and
	James Bradbury and
	Gregory Chanan and
	Trevor Killeen and
	Zeming Lin and
	Natalia Gimelshein and
	Luca Antiga and
	Alban Desmaison and
	Andreas K{\"{o}}pf and
	Edward Yang and
	Zachary DeVito and
	Martin Raison and
	Alykhan Tejani and
	Sasank Chilamkurthy and
	Benoit Steiner and
	Lu Fang and
	Junjie Bai and
	Soumith Chintala},
	title     = {PyTorch: An Imperative Style, High-Performance Deep Learning Library},
	booktitle = {Advances in Neural Information Processing Systems 32: Annual Conference
	on Neural Information Processing Systems 2019, NeurIPS 2019, 8-14
	December 2019, Vancouver, BC, Canada},
	pages     = {8024--8035},
	year      = {2019}
}

@article{DBLP:journals/tnn/XieJ92,
	author    = {Yun Xie and
	Marwan A. Jabri},
	title     = {Analysis of the effects of quantization in multilayer neural networks
	using a statistical model},
	journal   = {{IEEE} Trans. Neural Networks},
	volume    = {3},
	number    = {2},
	pages     = {334--338},
	year      = {1992}
}

@inproceedings{BarST-SMT-10,
	author =	 {Clark Barrett and Aaron Stump and Cesare Tinelli},
	title =	 {{The SMT-LIB Standard: Version 2.0}},
	year =	 2010,
	booktitle =	 {Proceedings of the 8th International Workshop on
	Satisfiability Modulo Theories (Edinburgh, UK)},
	editor =	 {A.~Gupta and D.~Kroening}
}

@inproceedings{guidotti2021pynever,
	title={{pyNeVer}: A Framework for Learning and Verification of Neural Networks},
	author={Guidotti, Dario and Pulina, Luca and Tacchella, Armando},
	booktitle={International Symposium on Automated Technology for Verification and Analysis},
	pages={357--363},
	year={2021},
	organization={Springer}
}

@inproceedings{DBLP:conf/cav/KatzBDJK17,
	author    = {Guy Katz and
	Clark W. Barrett and
	David L. Dill and
	Kyle Julian and
	Mykel J. Kochenderfer},
	editor    = {Rupak Majumdar and
	Viktor Kuncak},
	title     = {Reluplex: An Efficient {SMT} Solver for Verifying Deep Neural Networks},
	booktitle = {Computer Aided Verification - 29th International Conference, {CAV}
	2017, Heidelberg, Germany, July 24-28, 2017, Proceedings, Part {I}},
	series    = {Lecture Notes in Computer Science},
	volume    = {10426},
	pages     = {97--117},
	publisher = {Springer},
	year      = {2017}
}

@article{guidotti2020never,
	title={NeVer 2.0: Learning, Verification and Repair of Deep Neural Networks},
	author={Guidotti, Dario and Pulina, Luca and Tacchella, Armando},
	journal={arXiv preprint arXiv:2011.09933},
	year={2020}
}

@misc{kingma2017adam,
	title={Adam: A Method for Stochastic Optimization}, 
	author={Diederik P. Kingma and Jimmy Ba},
	year={2017},
	eprint={1412.6980},
	archivePrefix={arXiv},
	primaryClass={cs.LG}
}

@online{never2online,
	author = {Dario Guidotti and Armando Tacchella and Luca Pulina and Stefano Demarchi},
	title = {{NeVer} 2.0, https://github.com/NeVerTools/NeVer2},
	year = 2022,
	url = {https://github.com/NeVerTools/NeVer2}
}

@online{vnnlib,
	author = {Dario Guidotti and Stefano Demarchi and Armando Tacchella and Luca Pulina},
	title = "{The Verification of Neural Networks Library (VNN-LIB), www.vnnlib.org}",
	year = 2023,
	url = {www.vnnlib.org}
}

@online{onnx,
	author = {Junjie Bai and Fang Lu and Ke Zhang},
	title = "{ONNX: Open Neural Network Exchange, https://github.com/onnx/onnx}",
	year = 2023,
	url = {https://github.com/onnx/onnx}
}

@book{summerfield2007rapid,
	title={Rapid GUI Programming with Python and Qt: The Definitive Guide to PyQt Programming (paperback)},
	author={Summerfield, Mark},
	year={2007},
	publisher={Pearson Education}
}

@book{DBLP:books/sp/Plaat22,
	author    = {Aske Plaat},
	title     = {Deep Reinforcement Learning},
	publisher = {Springer},
	year      = {2022}
}

@book{DBLP:books/lib/SuttonB98,
	author    = {Richard S. Sutton and
	Andrew G. Barto},
	title     = {Reinforcement learning - an introduction},
	series    = {Adaptive computation and machine learning},
	publisher = {{MIT} Press},
	year      = {1998}
}

@phdthesis{tran2020verification,
	title={Verification of Learning-enabled Cyber-Physical Systems},
	author={Tran, Hoang-Dung},
	school={Vanderbilt University},
	year={2020}
}

@inproceedings{DBLP:conf/wsc/Smith96,
	author    = {Robert L. Smith},
	editor    = {John M. Charnes and
	Douglas J. Morrice and
	Daniel T. Brunner and
	James J. Swain},
	title     = {The Hit-and-Run Sampler: {A} Globally Reaching Markov Chain Sampler
	for Generating Arbitrary Multivariate Distributions},
	booktitle = {Proceedings of the 28th conference on Winter simulation, {WSC} 1996,
	Coronado, CA, USA, December 8-11, 1996},
	pages     = {260--264},
	publisher = {{IEEE} Computer Society},
	year      = {1996}
}

@incollection{DBLP:series/lncs/MontavonBLSM19,
	author    = {Gr{\'{e}}goire Montavon and
	Alexander Binder and
	Sebastian Lapuschkin and
	Wojciech Samek and
	Klaus{-}Robert M{\"{u}}ller},
	title     = {Layer-Wise Relevance Propagation: An Overview},
	booktitle = {Explainable {AI:} Interpreting, Explaining and Visualizing Deep Learning},
	series    = {Lecture Notes in Computer Science},
	volume    = {11700},
	pages     = {193--209},
	publisher = {Springer},
	year      = {2019}
}
%%%%%%%%%%%%%%%%%%%% MINE %%%%%%%%%%%%%%%%%%%%%%%%%